@misc{vol:rfc,
   author = {Mohamad Chaarawi and Quincey Koziol},
   title = {{RFC: Virtual Object Layer}},
   note = {Available at \url{https://bitbucket.hdfgroup.org/projects/HDFFV/repos/hdf5doc/browse/RFCs/HDF5/VOL/RFC}},
   year = {2014},
}