@misc{vol:rfc,
   author = {Mohamad Chaarawi and Quincey Koziol},
   title = {{RFC: Virtual Object Layer}},
   note = {Available at \url{http://svn.hdfgroup.uiuc.edu/hdf5doc/trunk/RFCs/HDF5/VOL/RFC/}},
   year = {2014},
}

@misc{vol:ug,
   author = {The HDF Group},
   title = {{User Guide for Developing a Virtual Object Layer Plugin}},
   note = {Available at \url{http://svn.hdfgroup.uiuc.edu/hdf5doc/trunk/RFCs/HDF5/VOL/user\_guide/}},
   year = {2014},
}
