@misc{c11,
  title = {{C Standard Committee Draft}},
  note = {N1570 ISO/IEC 9899:201x available at \url{http://www.open-std.org/jtc1/sc22/wg14/www/docs/n1570.pdf}},
  year = {2011},
  month = {April}
}

@misc{lu2012,
  title = {{A Maintainerâ€™s Guide for the Datatype Module in HDF5 Library}},
  author = {Raymond Lu},
  year = {2012},
  month = {January},
  note = {Available at \url{http://svn.hdfgroup.uiuc.edu/hdf5doc/trunk/library_maintenance/datatypes/Maintainer_guide.docx}}
}
@misc{ibm2014,
  title = {{Targeting your applications---what little endian and big
  endian IBM XL C/C++ compiler differences mean to you}},
  author = {Nicole Negherbon and Rafik Zurob and Nemanja Ivanovic},
  year = {2014},
  month = {December},
  note = {Available at \url{http://www.ibm.com/developerWorks/}}
}
