@book{Folk1992,
 author    = {Folk, Michael and Zoellick, Bill},
 title     = {File Structures},
 year      = {1992},
 isbn      = {0-201-55713-4},
 edition   = {2nd},
 publisher = {Addison-Wesley Publishing Company, Inc.},
 address   = {Boston, MA, USA}
} 

@misc{hdf5,
  title  = {{Hierarchical Data Format Version 5}},
  author = {{The HDF Group}},
  url    = {http://www.hdfgroup.org/HDF5}
}

@inproceedings{Folk2011,
  author    = {Folk, Mike and Heber, Gerd and Koziol, Quincey and Pourmal, Elena and Robinson, Dana},
  title     = {{An Overview of the HDF5 Technology Suite and its Applications}},
  booktitle = {Proceedings of the EDBT/ICDT Workshop on Array Databases},
  series    = {AD '11},
  year      = {2011},
  isbn      = {978-1-4503-0614-0},
  location  = {Uppsala, Sweden},
  pages     = {36--47},
  numpages  = {12},
  doi       = {10.1145/1966895.1966900},
  acmid     = {1966900},
  publisher = {ACM},
  address   = {New York, NY, USA}
}

@inproceedings{Folk1999,
  author = {Folk, M. and McGrath, R.E. and Yeager, N.},
  booktitle = {International Geoscience And Remote Sensing Symposium (IGARSS)},
  title  = {{HDF: an update and future directions}},
  year   = {1999},
  month  = {},
  volume = {1},
  pages  = {273--275 vol.1},
  doi    = {10.1109/IGARSS.1999.773469}
}

@inproceedings{Nimako2012,
  author    = {Nimako, G. and Otoo, E.J. and Ohene-Kwofie, D.},
  booktitle = {41st International Conference on Parallel Processing Workshops (ICPPW)},
  title     = {{Chunked Extendible Dense Arrays for Scientific Data Storage}},
  year      = {2012},
  month     = {Sept},
  pages     = {38--47},
  doi       = {10.1109/ICPPW.2012.9},
  issn      = {1530-2016}
}

@inproceedings{Nimako2013,
  author    = {Nimako, G. and Otoo, E.J. and Ohene-Kwofie, D.},
  booktitle = {IEEE International Conference on Cluster Computing (CLUSTER)},
  title     = {{PEXTA: A Parallel Chunked Extendible Dense Array I/O for global array (GA)}},
  year      = {2013},
  month     = {Sept},
  pages     = {1--8},
  doi       = {10.1109/CLUSTER.2013.6702688}
}

@inproceedings{Howison2010,
  title     = {{Tuning HDF5 for Lustre File Systems}},
  author    = {Mark Howison and Quincey Koziol and David Knaak and John Mainzer and John Shalf},
  booktitle = {Proceedings of Workshop on Interfaces and Abstractions for Scientific Data Storage},
  year      = {2010},
  note      = {{LBNL-4803E}}
}

@article{Comer1979,
  author     = {Comer, Douglas},
  title      = {{Ubiquitous B-Tree}},
  journal    = {ACM Comput. Surv.},
  issue_date = {June 1979},
  volume     = {11},
  number     = {2},
  month      = jun,
  year       = {1979},
  issn       = {0360-0300},
  pages      = {121--137},
  numpages   = {17},
  doi        = {10.1145/356770.356776},
  acmid      = {356776},
  publisher  = {ACM},
  address    = {New York, NY, USA}
}

@incollection{Brodnik1999,
  year      = {1999},
  isbn      = {978-3-540-66279-2},
  booktitle = {Algorithms and Data Structures},
  volume    = {1663},
  series    = {Lecture Notes in Computer Science},
  editor    = {Dehne, Frank and Sack, Jörg-Rüdiger and Gupta, Arvind and Tamassia, Roberto},
  doi       = {10.1007/3-540-48447-7_4},
  title     = {{Resizable Arrays in Optimal Time and Space}},
  publisher = {Springer Berlin Heidelberg},
  author    = {Brodnik, Andrej and Carlsson, Svante and Demaine, ErikD. and Ian Ian Munro, J. and Sedgewick, Robert},
  pages     = {37--48}
}

