@misc{plfs,
  title = {{PLFS}},
  howpublished = {\url{http://institute.lanl.gov/plfs/}},
}

@misc{ffwd,
  title = {{FastForward Wiki}},
  howpublished = {\url{https://wiki.hpdd.intel.com/display/PUB/Fast+Forward+Storage+and+IO+Program+Documents}},
}

@misc{mds,
  title = {{RFC: Independent Metadata Operations in HDF5}},
  howpublished = {\url{http://www.hdfgroup.uiuc.edu/RFC/HDF5/VOL/2012-03-27-RFC_independent_metadata.docx}},
}