@misc{vol-rfc,
  author = {Mohamad Chaarawi; Quincey Koziol},
  title = {{RFC: Virtual Object Layer}},
  howpublished = "\url{http://svn.hdfgroup.uiuc.edu/hdf5doc/trunk/RFCs/HDF5/VOL/2014-07-07-RFC_VOL.docx}",
  year = {2014}, 
}