@online{rfc20070801,
	author = "John Mainzer",
	title = "RFC: Metadata Journaling to Improve Crash Survivability",
	url = "https://docs.hdfgroup.org/hdf5/rfc/Metadata_Journaling_RFC.pdf",
	addendum = "(accessed: 02.26.2024)",
	keywords = "hdf5,rfc"
}

@online{rfc20180610,
    author = "Choi, Vailin and Mainzer, John and Young, David",
    title = "RFC: VFD SWMR",
    url = "https://docs.hdfgroup.org/hdf5/rfc/VFD_SWMR_RFC_200916.pdf",
    addendum = "(accessed: 03.13.2024)",
    keywords = "hdf5, rfc"
}